@article{王艺颖2017锂电池的发展现状及与镍氢电池的比较,
  title={锂电池的发展现状及与镍氢电池的比较},
  author={王艺颖 and 王耀弘},
  journal={科技展望},
  number={25},
  year={2017},
}

@mastersthesis{赵金龙2014增程式电动汽车动力系统参数匹配及能量管理策略研究,
  author={赵金龙},
  title={增程式电动汽车动力系统参数匹配及能量管理策略研究},
  school={重庆大学},
  year={2014},
  type={硕士论文},
  address={重庆},
  month={9},
}

@book{刘昭度2012汽车学,
  title={汽车学},
  author={刘昭度},
  publisher={高等教育出版社},
  address={北京},
  year={2012},
}

@article{刘希玲2000我国城市汽车行驶工况调查研究,
  title={我国城市汽车行驶工况调查研究},
  author={刘希玲 and 丁焰},
  journal={环境科学学报},
  volume={20},
  number={1},
  pages={23-27},
  year={2000},
}

@inproceedings{kim2009model,
  title={Model predictive control of velocity and torque split in a parallel hybrid vehicle},
  author={Kim, Tae Soo and Manzie, Chris and Sharma, Rahul},
  booktitle={Systems, Man and Cybernetics, 2009. SMC 2009. IEEE International Conference on},
  pages={2014--2019},
  year={2009},
  organization={IEEE}
}

@inproceedings{叶磊2012基于中国典型城市循环工况的动力电池测试评价方法,
author={叶磊 and 杨杰},
title={基于中国典型城市循环工况的动力电池测试评价方法},
booktitle={2012年中国客车学术年会暨中国客车行业发展论坛论文集},
year={2012},
pages={132-135},
address={无锡},
month={4},
organization={中国公路学会},
}

@article{高建平2015插电式混合动力汽车车载复合电源功率分配策略研究,
author={高建平 and 赵金宝 and 葛坚 and 郗建国},
title={插电式混合动力汽车车载复合电源功率分配策略研究},
journal={图学学报},
year={2015},
number={4},
pages={603-608},
month={8},
}

@article{段建民2011串联式混合动力电动汽车复合电源系统设计,
author={段建民 and 徐敏},
title={串联式混合动力电动汽车复合电源系统设计},
journal={公路交通科技},
year={2011},
number={9},
pages={147-152},
month={1},
}

@article{jiyu-Cruise,
  title={基于 Cruise 的混合动力客车的电源参数设计与仿真},
  author={盛精 and 陈峰磊 and 马腾腾},
  journal={徐州工程学院学报（自然科学版）},
  volume={13},
  number={6},
  pages={120--122},
  year={2016},
}

@article{罗玉涛2016延长锂离子电池寿命的电动汽车复合电源设计,
author={罗玉涛 and 刘秀田 and 梁伟强 and 阮旭松},
title={延长锂离子电池寿命的电动汽车复合电源设计},
journal={华南理工大学学报（自然科学版）},
year={2016},
number={3},
pages={51-59},
month={6},
}

@article{胡朋2011不同状态下路面摩擦系数现场试验,
author={胡朋 and 潘晓东},
title={不同状态下路面摩擦系数现场试验研究},
journal={公路},
year={2011},
number={2},
pages={20-24},
month={6},
}

@mastersthesis{刘伟2016锂离子动力电池直流内阻测试及其应用研究,
author={刘伟},
title={锂离子动力电池直流内阻测试及其应用研究},
school={燕山大学},
address={燕山},
year={2016},
type={硕士论文},
month={7},
}


