@article{王文伟2016电动汽车电池箱结构随机振动疲劳分析,
author={王文伟 and 程雨婷 and 姜卫远 and 刘志山},
title={电动汽车电池箱结构随机振动疲劳分析},
journal={汽车工程学报},
year={2016},
volume={1},
number={1},
pages={10-14},
month={3},
}

@article{能量效率和工作温度对锂离子电池剩余寿命的影响,
author={王帅 and 王月 and 苏小红 and 赵玲玲},
title={能量效率和工作温度对锂离子电池剩余寿命的影响},
journal={智能计算机与应用},
year={2018},
volume={8},
number={1},
pages={162-168+171},
}

@article{Dubarry2009From,
  title={From single cell model to battery pack simulation for Li-ion batteries},
  author={Dubarry, Matthieu and Vuillaume, Nicolas and Liaw, Bor Yann},
  journal={Journal of Power Sources},
  volume={186},
  number={2},
  pages={500-507},
  year={2009},
}

@misc{杨凯2014一种锂离子电池温控测试装置,
  title={一种锂离子电池温控测试装置},
  author={杨凯 and 刘皓 and 王丽娜 and 王松岑 and 李大贺 and 高飞 and 胡晨 and 惠东 and 来小康},
  publisher={国家知识产权局},
  address={中国},
  year={2014},
}

@article{肖宁强2016插电增程式公交车电池系统设计,
author={肖宁强 and 梁晶晶},
title={插电增程式公交车电池系统设计},
journal={汽车工程师},
year={2016},
number={10},
pages={29-32,37},
month={12},
}

@article{周海阔2017基于热管技术的锂电池箱热管理系统设计与实验验证,
  title={基于热管技术的锂电池箱热管理系统设计与实验验证},
  author={周海阔 and 杨涛 and 李平 and 何艺萌 and 柴娜 and 戴朝华},
  journal={可再生能源},
  volume={35},
  number={9},
  pages={1395-1403},
  year={2017},
}

@article{王兵2014电动汽车电池箱仿真分析及设计优化,
author={王兵 and 蒿豪 and 姚一一 and 顾嘉玮},
title={电动汽车电池箱仿真分析及设计优化},
journal={装备机械},
year={2014},
number={4},
pages={50-55},
month={3},
}

@article{叶欣2017电动汽车锂离子电池散热加热设计,
  title={电动汽车锂离子电池散热加热设计},
  author={叶欣 and 赵耀华 and 全贞花},
  journal={北京工业大学学报},
  volume={43},
  number={8},
  pages={1263-1267},
  year={2017},
}