@article{Yang2013Research,
  title={Research and Development of Hybrid Electric Vehicles CAN-Bus Data Monitor and Diagnostic System through OBD-II and Android-Based Smartphones},
  author={Yang, Yalian and Chen, Baolin and Su, Lin and Qin, Datong},
  journal={Advances in Mechanical Engineering,2013,(2013-12-29)},
  volume={2013},
  number={3},
  pages={741240-741240},
  year={2013},
}

@article{屠雨2016基于汽车OBD车联网的设计与实现,
author={屠雨 and 张凤登 and 单冰华},
title={基于汽车{ OBD }车联网的设计与实现},
journal={电子测量技术},
year={2016},
number={8},
pages={32-36,47},
month={9},
}

@article{白东2017基于OBD的车辆信息管理平台,
author={白东 and 钱松荣},
title={基于{ OBD }的车辆信息管理平台},
journal={微型电脑应用},
year={2017},
number={7},
pages={65-68},
month={9},
}

@article{杨沛2017基于OBD接口的低压保护电路,
author={杨沛},
title={基于{ OBD }接口的低压保护电路},
journal={电子产品世界},
year={2017},
number={1},
pages={63-64,62},
month={1},
}

@article{Li2013Design,
  title={Design method of CAN BUS network communication structure for electric vehicle},
  author={Li, Ran and Wu, Junfeng and Wang, Haiying and Li, Gechen},
  journal={Indian Streams Research Journal},
  volume={III},
  number={III},
  pages={326 - 329},
  year={2013},
}

@book{Matas1997Memory,
  title={Memory, 1997: Complete Coverage of DRAM, Sram, EPROM, and Flash Memory IC's},
  author={Matas, Brian and Desubercausau, Christian},
  publisher={Springer Netherlands},
  pages={361-365},
  year={1997},
}

@inproceedings{Zheng2008A,
  title={A Li-ion battery management system based on CAN-bus for electric vehicle},
  author={Zheng, Minxin and Qi, Bojin and Wu, Hongjie},
  booktitle={Industrial Electronics and Applications, 2008. Iciea 2008.  IEEE Conference on},
  pages={1180-1184},
  year={2008},
}

@misc{轻型汽车污染物排放限值及测量方法（中国第六阶段）,
title={轻型汽车污染物排放限值及测量方法（中国第六阶段）},
howpublished={Standards},
publisher={环境保护部},
address={中国},
year={2018},
}

