%%==================================================
%% chap1.bib for BIT Master Thesis
%% modified by yang yating
%% version: 0.1
%% last update: Dec 25th, 2016
%%==================================================

@article{phev-zongshu,
author={张志强 and 张晓莉 and 熊禹 and 韦杰宏 and 伍健},
title={插电式混合动力汽车技术特点综述},
booktitle={},
year={2016},
pages={1-7},
address={西安},
month={3},
organization={[中国科协, 陕西省人民政府]},
}

@article{nengliangchucun,
  title={Electrochemical and Electrostatic Energy Storage and Management Systems for Electric Drive Vehicles: State-of-the-Art Review and Future Trends},
  author={Ephrem Chemali and Matthias Preindl and Pawel Malysz and  Ali Emadi},
  journal={IEEE JOURNAL OF EMERGING AND SELECTED TOPICS IN POWER ELECTRONICS},
  volume={4},
  number={3},
  pages={1117--1134},
  year={2016},
}

@article{鲁学柱2006OBD技术及其发展,
author={鲁学柱 and 王国权},
title={{OBD }技术及其发展},
journal={电子测量技术},
year={2006},
number={5},
pages={24-26,29},
month={12},
}

@article{BatteryManagementSystemUsedinElectricVehicles,
  title={Battery Management System Used in Electric Vehicles},
  author={JIANG Jiu-chun and WEN Feng and WEN Jia-peng and ZHANG Cai-ping},
  journal={Power Electronics},
  volume={45},
  number={12},
  pages={2--10},
  year={2011},
}

@article{串联式混合动力电动汽车先导车的研究开发,
author={黄妙华 and 金国栋 and 邓亚东},
title={串联式混合动力电动汽车先导车的研究开发},
journal={武汉理工大学学报（交通科学与工程版）},
year={2001},
number={03},
pages={273-276},
}

@article{兰祥2017无人机锂电池组平衡充电技术的研究,
author={兰祥 and 王正仕},
title={无人机锂电池组平衡充电技术的研究},
journal={机电工程},
year={2017},
number={10},
pages={1205-1207,1213},
month={12},
}

@inproceedings{2006E-CVTHYBRIDTRANSMISSION,
author={P. Tenberge and Wenyong L and M. Leesch},
title={E-CVT HYBRID TRANSMISSION WITH CHAIN TYPE CVT (DESIGN AND ANALYSE OF A POWER-SPLITTED E-CVT)},
booktitle={ICMT 2006国际机械传动学术会议（the International Conference on Mechanical Transmissions）论文集},
year={2006},
volume={上下卷},
pages={567-573},
address={重庆},
month={6},
organization={[中国机械工程学会, 重庆市科协, 教育部]},
}


